<record><leader>00000cas a22000007a 4500</leader><controlfield tag="001">15182738</controlfield><controlfield tag="008">870211d18211823mouwr ne      0    0eng d</controlfield><datafield ind1=" " ind2=" " tag="010"><subfield code="a">sn 87052182 </subfield></datafield><datafield ind1=" " ind2=" " tag="040"><subfield code="a">NPX</subfield><subfield code="b">eng</subfield><subfield code="c">NPX</subfield><subfield code="d">MQN</subfield><subfield code="d">OCLCQ</subfield></datafield><datafield ind1=" " ind2=" " tag="042"><subfield code="a">msc</subfield></datafield><datafield ind1="0" ind2="4" tag="245"><subfield code="a">The Correspondent, and St. Genevieve record.</subfield></datafield><datafield ind1="3" ind2="0" tag="246"><subfield code="a">Correspondent, and Saint Genevieve record</subfield></datafield><datafield ind1="3" ind2="0" tag="246"><subfield code="a">Correspondent, and Sainte Genevieve record</subfield></datafield><datafield ind1=" " ind2=" " tag="260"><subfield code="a">St. Genevieve, Mo. :</subfield><subfield code="b">Thomas Foley</subfield></datafield><datafield ind1=" " ind2=" " tag="300"><subfield code="a">v.</subfield></datafield><datafield ind1=" " ind2=" " tag="310"><subfield code="a">Weekly</subfield></datafield><datafield ind1="1" ind2=" " tag="362"><subfield code="a">Began in 1821? Ceased in 1823?</subfield></datafield><datafield ind1=" " ind2=" " tag="588"><subfield code="a">Description based on: Vol. 1, no. 38 (Dec. 25, 1821).</subfield></datafield><datafield ind1=" " ind2=" " tag="752"><subfield code="a">United States</subfield><subfield code="b">Missouri</subfield><subfield code="c">Sainte Genevieve</subfield><subfield code="d">Sainte Genevieve.</subfield></datafield></record>